@inproceedings{spanstore,
	title = "{SPANStore}: Cost-Effective Geo-Replicated Storage Spanning
		Multiple Cloud Services",
	author = "Zhe Wu and Michael Butkiewicz and Dorian Perkins and Ethan
		Katz-Bassett and Harsha V. Madhyastha",
	booktitle = "{SOSP}",
	year = "2013",
}

@article{bhatti2000integrating,
  title={Integrating user-perceived quality into web server design},
  author={Bhatti, Nina and Bouch, Anna and Kuchinsky, Allan},
  journal={Computer Networks},
  volume={33},
  number={1},
  pages={1--16},
  year={2000},
  publisher={Elsevier}
}

@inproceedings{bouch2000quality,
  title={Quality is in the eye of the beholder: meeting users' requirements for Internet quality of service},
  author={Bouch, Anna and Kuchinsky, Allan and Bhatti, Nina},
  booktitle={Proceedings of the SIGCHI conference on Human Factors in Computing Systems},
  pages={297--304},
  year={2000},
  organization={ACM}
}

@misc{url3,
  author = {Ingo LÃ¼tkebohle},
  title = {{BWorld Robot Control Software}},
  howpublished = "\url{http://www.strangeloopnetworks.com/resources/infographics/webperformance-and-ecommerce/shopzilla-faster-pages-12-revenueincrease/}",
  year = {2008}, 
  note = "[Online; accessed 19-July-2008]"
}

@inproceedings{netravali2015mahimahi,
  title={Mahimahi: Accurate Record-and-Replay for HTTP.},
  author={Netravali, Ravi and Sivaraman, Anirudh and Das, Somak and Goyal, Ameesh and Winstein, Keith and Mickens, James and Balakrishnan, Hari},
  booktitle={USENIX Annual Technical Conference},
  pages={417--429},
  year={2015}
}

% 5
@inproceedings{sivakumar2014parcel,
  title={PARCEL: Proxy assisted browsing in cellular networks for energy and latency reduction},
  author={Sivakumar, Ashiwan and Puzhavakath Narayanan, Shankaranarayanan and Gopalakrishnan, Vijay and Lee, Seungjoon and Rao, Sanjay and Sen, Subhabrata},
  booktitle={Proceedings of the 10th ACM International on Conference on emerging Networking Experiments and Technologies},
  pages={325--336},
  year={2014},
  organization={ACM}
}

@inproceedings{wang2014speedy,
  title={How speedy is SPDY?},
  author={Wang, Xiao Sophia and Balasubramanian, Aruna and Krishnamurthy, Arvind and Wetherall, David},
  booktitle={NSDI},
  pages={387--399},
  year={2014}
}

% 7
@inproceedings{butkiewicz2015klotski,
  title={Klotski: Reprioritizing Web Content to Improve User Experience on Mobile Devices.},
  author={Butkiewicz, Michael and Wang, Daimeng and Wu, Zhe and Madhyastha, Harsha V and Sekar, Vyas},
  booktitle={NSDI},
  pages={439--453},
  year={2015}
}

@inproceedings{netravali2016polaris,
  title={Polaris: Faster Page Loads Using Fine-grained Dependency Tracking.},
  author={Netravali, Ravi and Goyal, Ameesh and Mickens, James and Balakrishnan, Hari},
  booktitle={NSDI},
  pages={123--136},
  year={2016}
}

@inproceedings{ruamviboonsuk2017vroom,
  title={VROOM: Accelerating the Mobile Web with Server-Aided Dependency Resolution},
  author={Ruamviboonsuk, Vaspol and Netravali, Ravi and Uluyol, Muhammed and Madhyastha, Harsha V},
  booktitle={Proceedings of the Conference of the ACM Special Interest Group on Data Communication},
  pages={390--403},
  year={2017},
  organization={ACM}
}

@inproceedings{wang2013demystifying,
  title={Demystifying Page Load Performance with WProf.},
  author={Wang, Xiao Sophia and Balasubramanian, Aruna and Krishnamurthy, Arvind and Wetherall, David},
  booktitle={NSDI},
  pages={473--485},
  year={2013}
}

@inproceedings{wang2014much,
  title={How much can we micro-cache web pages?},
  author={Wang, Xiao Sophia and Krishnamurthy, Arvind and Wetherall, David},
  booktitle={Proceedings of the 2014 Conference on Internet Measurement Conference},
  pages={249--256},
  year={2014},
  organization={ACM}
}

@inproceedings{vesuna2016caching,
  title={Caching Doesn't Improve Mobile Web Performance (Much).},
  author={Vesuna, Jamshed and Scott, Colin and Buettner, Michael and Piatek, Michael and Krishnamurthy, Arvind and Shenker, Scott},
  booktitle={USENIX Annual Technical Conference},
  pages={159--165},
  year={2016}
}

@inproceedings{gunda2010nectar,
  title={Nectar: Automatic Management of Data and Computation in Datacenters.},
  author={Gunda, Pradeep Kumar and Ravindranath, Lenin and Thekkath, Chandramohan A and Yu, Yuan and Zhuang, Li},
  booktitle={OSDI},
  volume={10},
  pages={1--8},
  year={2010}
}

@inproceedings{njait2016www,
  title={An In-depth study of Mobile Browser Performance},
  author={Nejati, Javad and Balasubramanian, Aruna},
  booktitle={WWW},
  pages={1305-1315},
  year={2016}
}

@misc{url4,
  author = {Alex Shellhammer},
  title = {{The need for mobile speed: How mobile latency impacts publisher revenue}},
  howpublished = "\url{https://www.doubleclickbygoogle.com/articles/mobile-speed-matters/}",
  year = {2016}, 
  note = "[Online; accessed September-2016]"
}

@inproceedings{erman2013conext,
  title={Towards a SPDY'ier mobile web?},
  author={Erman, Jeffrey and Gopalkrishnan, Vijay and Rittwik, Jana and Ramakrishnan, K.K},
  booktitle={CoNEXT},
  pages={303-314},
  year={2013}
}

@inproceedings{quian2012mobisys,
  title={Web caching on smartphones: ideal vs. reality},
  author={Quian, Feng and Quah, Kee Shen and Huang, Junxian and Erman, Jeffery and Gerber, Alexandre and Mao, Zhuoquing and Sen, Subhabrata and Spatsheck, Oliver},
  booktitle={MobiSys},
  pages={127-140},
  year={2012}
}

@inproceedings{agababov2015nsdi,
  title={Flywheel: Google's Data Compression Proxy for the Mobile Web},
  author={Agababov, Victor and Buettner, Michael and Chudnovsky, Victor and Cogan, Mark and Greenstein, Ben and McDaniel, Shane and Piatek, Michael and Scott, Colin and Welsh, Matt and Yin, Bolian},
  year  = {2015},
  booktitle = {Proceedings of the 12th USENIX Symposium on Networked Systems Design and Implementation (NSDI 2015)}
}

@inproceedings{singh2015mobicom,
 author = {Singh, Shailendra and Madhyastha, Harsha V. and Krishnamurthy, Srikanth V. and Govindan, Ramesh},
 title = {FlexiWeb: Network-Aware Compaction for Accelerating Mobile Web Transfers},
 booktitle = {Proceedings of the 21st Annual International Conference on Mobile Computing and Networking},
 series = {MobiCom '15},
 year = {2015},
 isbn = {978-1-4503-3619-2},
 location = {Paris, France},
 pages = {604--616},
 numpages = {13},
 url = {http://doi.acm.org/10.1145/2789168.2790128},
 doi = {10.1145/2789168.2790128},
 acmid = {2790128},
 publisher = {ACM},
 address = {New York, NY, USA},
 keywords = {cellular network, compression proxy, middle box, mobile web browsing},
} 

@inproceedings{sivakumar2014conext,
 author = {Sivakumar, Ashiwan and Puzhavakath Narayanan, Shankaranarayanan and Gopalakrishnan, Vijay and Lee, Seungjoon and Rao, Sanjay and Sen, Subhabrata},
 title = {PARCEL: Proxy Assisted BRowsing in Cellular Networks for Energy and Latency Reduction},
 booktitle = {Proceedings of the 10th ACM International on Conference on Emerging Networking Experiments and Technologies},
 series = {CoNEXT '14},
 year = {2014},
 isbn = {978-1-4503-3279-8},
 location = {Sydney, Australia},
 pages = {325--336},
 numpages = {12},
 url = {http://doi.acm.org/10.1145/2674005.2675004},
 doi = {10.1145/2674005.2675004},
 acmid = {2675004},
 publisher = {ACM},
 address = {New York, NY, USA},
 keywords = {cellular networks, cloud browsers, energy consump- tion, mobile web, proxy-assisted browsing, smartphones, web optimization},
} 

@inproceedings{mai2012hotpar,
 author = {Mai, Haohui and Tang, Shuo and King, Samuel T. and Cascaval, Calin and Montesinos, Pablo},
 title = {A Case for Parallelizing Web Pages},
 booktitle = {Proceedings of the 4th USENIX Conference on Hot Topics in Parallelism},
 series = {HotPar'12},
 year = {2012},
 location = {Berkeley, CA},
 pages = {2--2},
 numpages = {1},
 url = {http://dl.acm.org/citation.cfm?id=2342788.2342790},
 acmid = {2342790},
 publisher = {USENIX Association},
 address = {Berkeley, CA, USA},
} 

@inproceedings{meyerovich2010www,
 author = {Meyerovich, Leo A. and Bodik, Rastislav},
 title = {Fast and Parallel Webpage Layout},
 booktitle = {Proceedings of the 19th International Conference on World Wide Web},
 series = {WWW '10},
 year = {2010},
 isbn = {978-1-60558-799-8},
 location = {Raleigh, North Carolina, USA},
 pages = {711--720},
 numpages = {10},
 url = {http://doi.acm.org/10.1145/1772690.1772763},
 doi = {10.1145/1772690.1772763},
 acmid = {1772763},
 publisher = {ACM},
 address = {New York, NY, USA},
 keywords = {attribute grammar, box model, css, font, html, layout, mobile, multicore, selector},
} 

@inproceedings{zhu2013hpca,
 author = {Zhu, Yuhao and Reddi, Vijay Janapa},
 title = {High-performance and Energy-efficient Mobile Web Browsing on Big/Little Systems},
 booktitle = {Proceedings of the 2013 IEEE 19th International Symposium on High Performance Computer Architecture (HPCA)},
 series = {HPCA '13},
 year = {2013},
 isbn = {978-1-4673-5585-8},
 pages = {13--24},
 numpages = {12},
 url = {http://dx.doi.org/10.1109/HPCA.2013.6522303},
 doi = {10.1109/HPCA.2013.6522303},
 acmid = {2495486},
 publisher = {IEEE Computer Society},
 address = {Washington, DC, USA},
} 

@inproceedings {butkiewicz2015usenix,
author = {Michael Butkiewicz and Daimeng Wang and Zhe Wu and Harsha V. Madhyastha and Vyas Sekar},
title = {Klotski: Reprioritizing Web Content to Improve User Experience on Mobile Devices},
booktitle = {12th {USENIX} Symposium on Networked Systems Design and Implementation ({NSDI} 15)},
year = {2015},
isbn = {978-1-931971-218},
address = {Oakland, CA},
pages = {439--453},
url = {https://www.usenix.org/conference/nsdi15/technical-sessions/presentation/butkiewicz},
publisher = {{USENIX} Association},
}
